<?xml version="1.0" encoding="UTF-8"?><collection xmlns="http://www.loc.gov/MARC21/slim"><record><leader>00344nam--2200133-i-4500</leader><controlfield tag="001">000009352</controlfield><controlfield tag="002">20161230</controlfield><controlfield tag="005">20161230201028</controlfield><controlfield tag="008">060222s1000------------r-----000-0-eng-d</controlfield><datafield ind1=" " ind2=" " tag="080"><subfield code="a">543.422.4</subfield></datafield><datafield ind1=" " ind2=" " tag="100"><subfield code="a">Bellamy, L.J</subfield></datafield><datafield ind1=" " ind2=" " tag="245"><subfield code="a">Advances in infrared group frequencies</subfield></datafield><datafield ind1=" " ind2=" " tag="260"><subfield code="a">London, Methuen &amp; Co., Ltd., 1968. Xii + 304 P</subfield></datafield><datafield ind1=" " ind2=" " tag="852"><subfield code="a">33098</subfield></datafield></record></collection>